@book{sharalfaldin2018,
  title={Toward Generating a New Intrusion Detection Dataset and Intrusion Traffic Characterization},
  author={Sharafaldin, I., Lashkari, A. and Ghorbani, A.    },
  isbn={978-989-758-282-0},
  url={http://books.google.com/books?id=W-xMPgAACAAJ},
  year={2018},
  publisher={SCITEPRESS â€“ Science and Technology Publications, Lda}
}

@book{Khraisat2019,
  title={Survey of intrusion detection systems:techniques, datasets and challenges},
  author={Khraisat A., Gondal I., Vamplew P. and Kamruzzaman J.},
  isbn={42400-019-0038-7},
  url={https://doi.org/10.1186/s42400-019-0038-7},
  year={2019},
  publisher={Not published}
}

@book{Niyaz2016,
  title={A Deep Learning Approach for Network Intrusion Detection System},
  author={Niyaz Q., Sun W., Javaid A.Y., and Alam M.},
  isbn={3-12-2015.2262516},
  url={},
  year={2016},
  publisher={ICST}
}

@book{shaikh2015,
  title={An Overview of Network Traffic Classification Methods},
  author={Shaikh Z.A. and Harkut D.G.},
  issn={2321-8169},
  url={http://www.ijritcc.org},
  year={2015},
  publisher={IJRITCC}
}

@book{Alkasassbeh2016,
  title={Detecting Distributed Denial of Service Attacks Using Data Mining Techniques},
  author={Alkasassbeh M., Hassanat B,A.A., Al-Naymat G. and Almseidin M.},
  isbn={},
  url={http://www.ijacsa.thesai.org},
  year={2015},
  publisher={IJACSA}
}

@book{Mohammadpour2018,
  title={A Convolutional Neural Network for Network Intrusion Detection System},
  author={Mohammadpour L., Ling T. C., Liew C.S. and Chong C.Y.},
  isbn={9784990544881},
  url={http://www.apan.org},
  year={2018},
  publisher={Preceedings of the APAN - Research Workshop}
}